@INPROCEEDINGS{RN,
  author={F. {Sung} and Y. {Yang} and L. {Zhang} and T. {Xiang} and P. H. S. {Torr} and T. M. {Hospedales}},
  booktitle={2018 IEEE/CVF Conference on Computer Vision and Pattern Recognition}, 
  title={Learning to Compare: Relation Network for Few-Shot Learning}, 
  year={2018},
  volume={},
  number={},
  pages={1199-1208},
  doi={10.1109/CVPR.2018.00131}}

@INPROCEEDINGS{ar,
  author={J. {Dong} and Z. {Cao} and T. {Zhang} and J. {Ye} and S. {Wang} and F. {Feng} and L. {Zhao} and X. {Liu} and L. {Song} and L. {Peng} and Y. {Guo} and X. {Jiang} and L. {Tang} and Y. {Du} and Y. {Zhang} and P. {Pan} and Y. {Xie}},
  booktitle={2020 IEEE International Symposium on High Performance Computer Architecture (HPCA)}, 
  title={EFLOPS: Algorithm and System Co-Design for a High Performance Distributed Training Platform}, 
  year={2020},
  volume={},
  number={},
  pages={610-622},
  doi={10.1109/HPCA47549.2020.00056}}

@INPROCEEDINGS{bucket,
  author={G. {Kadam} and D. {Zhang} and A. {Jog}},
  booktitle={2020 IEEE International Symposium on High Performance Computer Architecture (HPCA)}, 
  title={BCoal: Bucketing-Based Memory Coalescing for Efficient and Secure GPUs}, 
  year={2020},
  volume={},
  number={},
  pages={570-581},
  doi={10.1109/HPCA47549.2020.00053}}

@INPROCEEDINGS{part,
  author={L. {Song} and F. {Chen} and Y. {Zhuo} and X. {Qian} and H. {Li} and Y. {Chen}},
  booktitle={2020 IEEE International Symposium on High Performance Computer Architecture (HPCA)}, 
  title={AccPar: Tensor Partitioning for Heterogeneous Deep Learning Accelerators}, 
  year={2020},
  volume={},
  number={},
  pages={342-355},
  doi={10.1109/HPCA47549.2020.00036}}

@INPROCEEDINGS{process,
  author={K. {Sangaiah} and M. {Lui} and R. {Kuttappa} and B. {Taskin} and M. {Hempstead}},
  booktitle={2020 IEEE International Symposium on High Performance Computer Architecture (HPCA)}, 
  title={SnackNoC: Processing in the Communication Layer}, 
  year={2020},
  volume={},
  number={},
  pages={461-473},
  doi={10.1109/HPCA47549.2020.00045}}

@inproceedings{dnn,
 author = {Chen, Chaofan and Li, Oscar and Tao, Daniel and Barnett, Alina and Rudin, Cynthia and Su, Jonathan K},
 booktitle = {Advances in Neural Information Processing Systems},
 editor = {H. Wallach and H. Larochelle and A. Beygelzimer and F. d\textquotesingle Alch\'{e}-Buc and E. Fox and R. Garnett},
 pages = {8930--8941},
 publisher = {Curran Associates, Inc.},
 title = {This Looks Like That: Deep Learning for Interpretable Image Recognition},
 volume = {32},
 year = {2019}
}

